<?xml version="1.0" encoding="UTF-8"?><collection xmlns="http://www.loc.gov/MARC21/slim"><record><leader>00413nam--2200133-i-4500</leader><controlfield tag="001">000037485</controlfield><controlfield tag="002">20161230</controlfield><controlfield tag="005">20161230201041</controlfield><controlfield tag="008">060222s1000------------r-----000-0-eng-d</controlfield><datafield ind1=" " ind2=" " tag="080"><subfield code="a">616-07:621.039.83</subfield></datafield><datafield ind1=" " ind2=" " tag="245"><subfield code="a">Quality control in nuclear medicine. radiopharmaceuticals, instrumentation and in vitro assays</subfield></datafield><datafield ind1=" " ind2=" " tag="260"><subfield code="a">Saint Louis, The C.V.Mosby Co., 1977, Xvii + 508p</subfield></datafield><datafield ind1=" " ind2=" " tag="700"><subfield code="a">Rhodes, Buck A</subfield></datafield><datafield ind1=" " ind2=" " tag="852"><subfield code="a">46697</subfield></datafield></record></collection>